@article{huitsing2008attack,
  title={Attack taxonomies for the Modbus protocols},
  author={Huitsing, Peter and Chandia, Rodrigo and Papa, Mauricio and Shenoi, Sujeet},
  journal={International Journal of Critical Infrastructure Protection},
  volume={1},
  pages={37--44},
  year={2008},
  publisher={Elsevier}
}
